@article{cranston.lafferty.ea:note,
  author    = {Daniel W. Cranston and
               Michael Lafferty and
               Zi-Xia Song},
  title     = {A Note on Odd Colorings of $1$-Planar Graphs},
  journal   = {CoRR},
  volume    = {abs/2202.02586},
  year      = {2022},
  url       = {http://arxiv.org/abs/2202.02586},
  eprinttype = {arXiv},
  eprint    = {2202.02586},
}


@article{bose.dujmovic.ea:asymptotically,
  author    = {Prosenjit Bose and
               Vida DujmoviÄ‡ and
               Mehrnoosh Javarsineh and
               Pat Morin},
  title     = {Asymptotically Optimal Vertex Ranking of Planar Graphs},
  journal   = {CoRR},
  volume    = {abs/2007.06455},
  year      = {2020},
  url       = {https://arxiv.org/abs/2007.06455},
  eprinttype = {arXiv},
  eprint    = {2007.06455},
  timestamp = {Wed, 22 Jul 2020 12:09:15 +0200},
  biburl    = {https://dblp.org/rec/journals/corr/abs-2007-06455.bib},
  bibsource = {dblp computer science bibliography, https://dblp.org}
}
